@Manual{
  biblatex,
  author = {Lehman, Philipp},
  title = {The biblatex package},
  url = {http://mirrors.ctan.org/macros/latex/contrib/biblatex/doc/biblatex.pdf}
}

@Book{
  knuth:aocp,
  title = {The Art of Computer Programming: Fundamental algorithms},
  author = {Knuth, Donald Erwin},
  series = {The Art of Computer Programming},
  year = {1968},
  isbn = {0-201-03801-3},
  publisher = {Addison-Wesley},
}

@Online{
  lwiki,
  title = {\LaTeX{} Wikibook},
  url = {https://en.wikibooks.org/wiki/LaTeX/},
}

@Online{
  vcuts,
  title =        {On the structure of vertex cuts separating the ends of a graph},
  author =       {Wilkes, Gareth R.},
  archivePrefix ={arXiv},
  eprint =       {1308.1623},
  primaryClass = {math.CO},
  year =         {2013},
}
